@misc{habr_stereovision,
    title={Основы стереозрения},
    author={Alexey Kurakin},
    year={13.10.2011},
    url={https://habr.com/ru/articles/130300/},
}

@misc{susu_stereovision,
    title={Introduction to Epipolar Geometry and Stereo Vision},
    author={Kaustubh Sadekar},
    year={28.12.2020},
    url={https://learnopencv.com/introduction-to-epipolar-geometry-and-stereo-vision/},
}

@misc{habr_depthmap,
    title={Машинное стереозрение для новичков: две камеры Raspberry Pi и Python},
    author={honyaki},
    year={21.02.2022},
    url={https://habr.com/ru/companies/skillfactory/articles/652599/},
}
